<?xml version="1.0" encoding="UTF-8"?><collection xmlns="http://www.loc.gov/MARC21/slim"><record><leader>00598nam--2200181-i-4500</leader><controlfield tag="001">000049171</controlfield><controlfield tag="002">20161230</controlfield><controlfield tag="005">20161230201047</controlfield><controlfield tag="008">060222s1000------------r-----000-0-eng-d</controlfield><datafield ind1=" " ind2=" " tag="040"><subfield code="a">IFIN-HH</subfield></datafield><datafield ind1=" " ind2=" " tag="080"><subfield code="a">538.9:536.425</subfield></datafield><datafield ind1="1" ind2=" " tag="110"><subfield code="a">Indian Institute Of Science</subfield></datafield><datafield ind1="1" ind2="0" tag="245"><subfield code="a">Proceedings of the symposium on phase transitions and phase equilibria</subfield><subfield code="b">Indian institute of science bangalore october 14-18, 1975</subfield></datafield><datafield ind1=" " ind2=" " tag="260"><subfield code="a">Bangalore</subfield><subfield code="b">Department Of Atomic Energy; Government Of India</subfield><subfield code="c">1975</subfield></datafield><datafield ind1=" " ind2=" " tag="300"><subfield code="a">VI + 521P</subfield></datafield><datafield ind1=" " ind2=" " tag="490"><subfield code="a">Proceedings</subfield></datafield><datafield ind1=" " ind2=" " tag="852"><subfield code="a">45891</subfield><subfield code="c">537:538</subfield></datafield><datafield ind1=" " ind2=" " tag="CAT"><subfield code="a">Sys</subfield><subfield code="c">20110622</subfield><subfield code="h">122234</subfield></datafield></record></collection>